
@article{carel_w.e_inorganic-scintillator_2001,
	title = {Inorganic-scintillator development},
	volume = {460},
	issn = {0168-9002},
	shorttitle = {Inorganic-scintillator development},
	url = {http://www.sciencedirect.com/science/article/pii/S0168900200010883},
	doi = {10.1016/s0168-9002(00)01088-3},
	number = {1},
	journal = {Nuclear Instruments and Methods in Physics Research Section A: Accelerators, Spectrometers, Detectors and Associated Equipment},
	author = {Carel {W.E}, van Eijk},
	year = {2001},
	keywords = {Inorganic scintillators Gamma-ray scintillators Thermal-neutron scintillators},
	pages = {1--14}
},

@inproceedings{simoes_matlab/simulink_2009,
	title = {{MATLAB/SIMULINK} based teaching system for a Stand-Alone Energy System Supported by totally renewable hydrogen production},
	booktitle = {E-Learning in Industrial Electronics, 2009. {ICELIE} '09. 3rd {IEEE} International Conference on},
	author = {Simoes, {J.P.} and Coelho, {M.C.} and Pires, {V.F.} and Martins, {J.F.}},
	year = {2009},
	keywords = {hydrogen production, mathematics computing, renewable energy sources, stand-alone energy system, totally renewable hydrogen production},
	pages = {86--91}
},

@incollection{rojas_backpropagation_????,
	title = {The backpropagation algorthim},
	urldate = {2012-10-01},
	booktitle = {Neural Networks, a systematic introduction},
	author = {Rojas, R}
},

@phdthesis{rakes_evaluating_????,
	title = {Evaluating the response of Polyvinyl Toluenece scintillators used in Portal Detectors},
	url = {http://www.dtic.mil/cgi-bin/GetTRDoc?AD=ADA483290},
	school = {{AFIT}},
	author = {Rakes, Kelly}
},

@misc{_dose_????,
	title = {Dose Conversion Factors - The {IEM} Tool Box - Integrated Environmental Management, Inc.},
	url = {http://www.iem-inc.com/tooldcf.html},
	urldate = {2012-04-22},
	howpublished = {http://www.iem-inc.com/tooldcf.html},
	file = {Dose Conversion Factors - The IEM Tool Box - Integrated Environmental Management, Inc.:C:\Users\murffer\AppData\Roaming\Mozilla\Firefox\Profiles\307gfmuh.default\zotero\storage\T872CNGB\tooldcf.html:text/html}
},

@article{li_lumped_2008,
	title = {A lumped parameter dynamic model of the helical coiled once-through steam generator with movable boundaries},
	volume = {238},
	issn = {0029-5493},
	url = {http://www.sciencedirect.com/science/article/pii/S002954930800071X},
	doi = {10.1016/j.nucengdes.2008.01.009},
	number = {7},
	journal = {Nuclear Engineering and Design},
	author = {Li, Haipeng and Huang, Xiaojin and Zhang, Liangju},
	month = jul,
	year = {2008},
	pages = {1657--1663}
},

@article{shores_contact_????,
	title = {Contact Dose Equivalent Rates from Common Neutron Sources},
	url = {http://www.osti.gov/bridge/servlets/purl/764059-TMdiMv/webviewable/764059.pdf},
	urldate = {2012-08-24},
	journal = {{LA-UR-00-3092}},
	author = {Shores, Erik}
},

@misc{nist_neutron_2012,
	title = {Neutron scattering lengths and cross sections},
	url = {http://www.ncnr.nist.gov/resources/n-lengths/},
	urldate = {2012-04-06},
	author = {{NIST} and {NCNR}},
	year = {2012},
	howpublished = {http://www.ncnr.nist.gov/resources/n-lengths/},
	file = {Neutron scattering lengths and cross sections:C:\Users\murffer\AppData\Roaming\Mozilla\Firefox\Profiles\307gfmuh.default\zotero\storage\TARIGN9D\n-lengths.html:text/html}
},

@article{sen_thermal_2011,
	title = {Thermal Neutron Scintillator Detectors Based on Poly (2-Vinylnaphthalene) Composite Films},
	volume = {58},
	issn = {0018-9499},
	shorttitle = {Thermal Neutron Scintillator Detectors Based on Poly (2-Vinylnaphthalene) Composite Films},
	number = {3},
	journal = {Nuclear Science, {IEEE} Transactions on},
	author = {Sen, I. and Penumadu, D. and Williamson, M. and Miller, L. F. and Green, A. D. and Mabe, A. N.},
	year = {2011},
	keywords = {neutron detection;detectors; {6Li-loaded;} plastic scintillation film;  poly-2-vinylnaphthalene composite film;},
	pages = {1386--1393}
},

@article{mantero_pixe_2011,
	title = {{PIXE} simulation in Geant4},
	volume = {40},
	issn = {1097-4539},
	url = {http://dx.doi.org/10.1002/xrs.1301},
	doi = {10.1002/xrs.1301},
	number = {3},
	journal = {X-Ray Spectrometry},
	author = {Mantero, A. and Ben Abdelouahed, H. and Champion, C. and El Bitar, Z. and Francis, Z. and Guèye, P. and Incerti, S. and Ivanchenko, V. and Maire, M.},
	year = {2011},
	pages = {135--140}
},

@article{kouzes_boron-lined_2012,
	title = {Boron-Lined Straw-Tube Neutron Detector Test},
	shorttitle = {Boron-Line Straw Tube Neutron Detector Test},
	urldate = {2012-11-02},
	journal = {{PNNL} 19600},
	author = {Kouzes, {RT} and Ely, {JH} and Stromswold, {DC}},
	year = {2012},
	file = {Proportional Tech Neutron Detector Test August 7 2010 PNNL-19600.pdf:C:\Users\murffer\AppData\Roaming\Mozilla\Firefox\Profiles\307gfmuh.default\zotero\storage\WZAMG8NM\Proportional Tech Neutron Detector Test August 7 2010 PNNL-19600.pdf:application/pdf}
},

@misc{urffer_ej_2012,
	title = {{EJ} 426 {HD} Material Compostion},
	author = {Urffer, Matthew},
	month = jul,
	year = {2012}
},

@article{riggi_introducing_2011,
	title = {Introducing third-year undergraduates to {GEANT4} simulations of light transport and collection in scintillation materials},
	volume = {32},
	issn = {0143-0807, 1361-6404},
	url = {http://stacks.iop.org/0143-0807/32/i=2/a=006?key=crossref.cb521413299429dcb0736fbbab45008c},
	doi = {10.1088/0143-0807/32/2/006},
	number = {2},
	urldate = {2012-11-19},
	journal = {European Journal of Physics},
	author = {Riggi, Simone and La Rocca, Paola and Riggi, Francesco},
	month = mar,
	year = {2011},
	pages = {329--341}
},

@book{knoll_radiation_2009,
	address = {New York},
	title = {Radiation Detection and Measurement},
	shorttitle = {Radiation Detection and Measurement},
	publisher = {Wiley},
	author = {Knoll, Glenn F},
	year = {2009}
},

@article{elder_nuclear_2009,
	title = {Nuclear heat for hydrogen production: Coupling a very high/high temperature reactor to a hydrogen production plant},
	volume = {51},
	issn = {0149-1970},
	url = {http://www.sciencedirect.com/science/article/pii/S0149197008001376},
	doi = {10.1016/j.pnucene.2008.11.001},
	number = {3},
	journal = {Progress in Nuclear Energy},
	author = {Elder, Rachael and Allen, Ray},
	month = apr,
	year = {2009},
	keywords = {Coupling, Hydrogen, Nuclear hydrogen production, {VHTR}},
	pages = {500--525}
},

@article{yasunari_cesium-137_2011,
	title = {Cesium-137 deposition and contamination of Japanese soils due to the Fukushima nuclear accident},
	url = {http://www.pnas.org/content/early/2011/11/11/1112058108.abstract},
	doi = {10.1073/pnas.1112058108},
	abstract = {The largest concern on the cesium-137 {(137Cs)} deposition and its soil contamination due to the emission from the Fukushima Daiichi Nuclear Power Plant {(NPP)} showed up after a massive quake on March 11, 2011. Cesium-137 {(137Cs)} with a half-life of 30.1 y causes the largest concerns because of its deleterious effect on agriculture and stock farming, and, thus, human life for decades. Removal of {137Cs} contaminated soils or land use limitations in areas where removal is not possible is, therefore, an urgent issue. A challenge lies in the fact that estimates of {137Cs} emissions from the Fukushima {NPP} are extremely uncertain, therefore, the distribution of {137Cs} in the environment is poorly constrained. Here, we estimate total {137Cs} deposition by integrating daily observations of {137Cs} deposition in each prefecture in Japan with relative deposition distribution patterns from a Lagrangian particle dispersion model, {FLEXPART.} We show that {137Cs} strongly contaminated the soils in large areas of eastern and northeastern Japan, whereas western Japan was sheltered by mountain ranges. The soils around Fukushima {NPP} and neighboring prefectures have been extensively contaminated with depositions of more than 100,000 and 10,000 {MBq} km-2, respectively. Total {137Cs} depositions over two domains: (i) the Japan Islands and the surrounding ocean (130–150 {°E} and 30–46 {°N)} and, (ii) the Japan Islands, were estimated to be more than 5.6 and 1.0 {PBq}, respectively. We hope our {137Cs} deposition maps will help to coordinate decontamination efforts and plan regulatory measures in Japan.},
	journal = {Proceedings of the National Academy of Sciences},
	author = {Yasunari, Teppei J. and Stohl, Andreas and Hayano, Ryugo S. and Burkhart, John F. and Eckhardt, Sabine and Yasunari, Tetsuzo},
	month = nov,
	year = {2011}
},

@book{turner_atoms_2008,
	address = {Hoboken, {NJ}, {USA}},
	title = {Atoms, Radiation, and Radiation Protection},
	isbn = {9783527616985},
	shorttitle = {Atoms, Radiation, and Radiation Protection},
	url = {http://site.ebrary.com/lib/utennk/docDetail.action?docID=10302125},
	publisher = {Wiley-{VCH}},
	author = {Turner, James E.},
	year = {2008},
	keywords = {Ionizing radiation. Radiation -- Safety measures.}
},

@article{lee_point_2010,
	title = {A point model for the design of a sulfur trioxide decomposer for the {SI} cycle and comparison with a {CFD} model},
	volume = {35},
	issn = {0360-3199},
	url = {http://www.sciencedirect.com/science/article/pii/S0360319910003885},
	doi = {10.1016/j.ijhydene.2010.02.088},
	number = {11},
	journal = {International Journal of Hydrogen Energy},
	author = {Lee, You Ho and Lee, Jeong Ik and No, Hee Cheon},
	month = jun,
	year = {2010},
	keywords = {{CFD} comparison, Design parameter, hydrogen production, Point model, {SI} cycle, {SO3} decomposer},
	pages = {5210--5219}
},

@article{van_erkel_receiver_1998,
	title = {Receiver operating characteristic {(ROC)} analysis: Basic principles and applications in radiology},
	volume = {27},
	issn = {0720-{048X}},
	shorttitle = {Receiver operating characteristic {(ROC)} analysis: Basic principles and applications in radiology},
	url = {http://www.sciencedirect.com/science/article/pii/S0720048X97001575},
	doi = {10.1016/s0720-048x(97)00157-5},
	number = {2},
	journal = {European Journal of Radiology},
	author = {van Erkel, Arian R. and Pattynama, Peter M. Th},
	year = {1998},
	keywords = {Sensitivity Specificity {ROC} analysis Medical decision making Radiology},
	pages = {88--94}
},

@article{gao_thermal_2002,
	title = {Thermal hydraulic calculation of the {HTR-10} for the initial and equilibrium core},
	volume = {218},
	issn = {0029-5493},
	url = {http://www.sciencedirect.com/science/article/pii/S002954930200198X},
	doi = {10.1016/S0029-5493(02)00198-X},
	number = {1–3},
	journal = {Nuclear Engineering and Design},
	author = {Gao, Zuying and Shi, Lei},
	month = oct,
	year = {2002},
	pages = {51--64}
},

@article{onar_dynamic_2006,
	title = {Dynamic modeling, design and simulation of a wind/fuel cell/ultra-capacitor-based hybrid power generation system},
	volume = {161},
	issn = {0378-7753},
	url = {http://www.sciencedirect.com/science/article/pii/S0378775306006100},
	doi = {doi: 10.1016/j.jpowsour.2006.03.055},
	number = {1},
	journal = {Journal of Power Sources},
	author = {Onar, {O.C.} and Uzunoglu, M. and Alam, {M.S.}},
	month = oct,
	year = {2006},
	keywords = {Dynamic model, Fuel cell, Renewable energy and hybrid power generation, Ultra-capacitor, Wind power},
	pages = {707--722}
},

@misc{_compton_????,
	title = {Compton scattering - Wikipedia, the free encyclopedia},
	url = {http://en.wikipedia.org/wiki/Compton_scattering},
	urldate = {2012-02-20},
	howpublished = {{http://en.wikipedia.org/wiki/Compton\_scattering}},
	file = {Compton scattering - Wikipedia, the free encyclopedia:C:\Users\murffer\AppData\Roaming\Mozilla\Firefox\Profiles\307gfmuh.default\zotero\storage\J5UKGX2S\Compton_scattering.html:text/html}
},

@misc{stark_sticigui_????,
	title = {{SticiGui} The Long Run and the Expected Value},
	url = {http://www.stat.berkeley.edu/~stark/SticiGui/Text/expectation.htm},
	urldate = {2012-02-12},
	author = {Stark},
	howpublished = {http://www.stat.berkeley.edu/{\textasciitilde}{stark/SticiGui/Text/expectation.htm}},
	file = {SticiGui The Long Run and the Expected Value:C:\Users\murffer\AppData\Roaming\Mozilla\Firefox\Profiles\307gfmuh.default\zotero\storage\Z3B2VKSA\expectation.html:text/html}
},

@misc{_14-bis5-phenyl-2-oxazolylbenzene_????,
	title = {1,4-Bis(5-phenyl-2-oxazolyl)benzene {(POPOP)}},
	shorttitle = {Sigma - P3754},
	publisher = {Sigma Aldrich}
},

@article{s._geant4_2011,
	title = {Geant4 Simulation of the Shielding of Neutrons from {\textasciicircum}{252Cf} Source},
	volume = {59},
	issn = {0374-4884},
	url = {http://www.kps.or.kr/jkps/abstract_view.asp?articleuid=87DE1CA3-C9D1-462F-BAF6-D08D3B090FBA},
	doi = {10.3938/jkps.59.2071},
	number = {23},
	urldate = {2012-03-16},
	journal = {Journal of the Korean Physical Society},
	author = {S., I. Bak and T.-S., Park and Seung-Woo, Hong and J., W. Shin and I., S. Hahn},
	month = aug,
	year = {2011},
	pages = {2071},
	file = {downloadPdf.pdf:C:\Users\murffer\AppData\Roaming\Mozilla\Firefox\Profiles\307gfmuh.default\zotero\storage\SETPPB5P\downloadPdf.pdf:application/pdf}
},

@article{rahmanian_optimisation_1998,
	title = {Optimisation of light output from zinc sulphide scintillators for fast neutron radiography},
	volume = {139},
	issn = {0168-{583X}},
	shorttitle = {Optimisation of light output from zinc sulphide scintillators for fast neutron radiography},
	url = {http://www.sciencedirect.com/science/article/pii/S0168583X98000524},
	doi = {10.1016/s0168-583x(98)00052-4},
	number = {1-4},
	journal = {Nuclear Instruments and Methods in Physics Research Section B: Beam Interactions with Materials and Atoms},
	author = {Rahmanian, H. and Watterson, J. I. W.},
	year = {1998},
	keywords = {Fast neutron radiography Imaging scintillator {ZnS(Ag)} based scintillator Quantum efficiency Proton recoil Light output},
	pages = {466--470}
},

@article{sen_second_????,
	title = {{SECOND} {PEN} {PAPER}},
	author = {Sen, Indraneel}
},

@article{fawcett_introduction_2006,
	title = {An introduction to {ROC} analysis},
	volume = {27},
	issn = {01678655},
	shorttitle = {An introduction to {ROC} analysis},
	url = {http://www.sciencedirect.com/science/article/pii/S016786550500303X},
	doi = {10.1016/j.patrec.2005.10.010},
	number = {8},
	journal = {Pattern Recognition Letters},
	author = {Fawcett, T.},
	year = {2006},
	pages = {861--874}
},

@article{udagawa_hydrogen_2007,
	title = {Hydrogen production through steam electrolysis: Model-based steady state performance of a cathode-supported intermediate temperature solid oxide electrolysis cell},
	volume = {166},
	issn = {0378-7753},
	url = {http://www.sciencedirect.com/science/article/pii/S0378775307001103},
	doi = {doi: 10.1016/j.jpowsour.2006.12.081},
	number = {1},
	journal = {Journal of Power Sources},
	author = {Udagawa, J. and Aguiar, P. and Brandon, {N.P.}},
	month = mar,
	year = {2007},
	keywords = {Dynamic model, hydrogen production, Intermediate temperature, Planar, {SOEC}, Steam electrolyser},
	pages = {127--136}
},

@misc{center_for_history_and_new_media_zotero_????,
	title = {Zotero Quick Start Guide},
	url = {http://zotero.org/support/quick_start_guide},
	author = {{Center for History and New Media}},
	howpublished = {http://zotero.org/support/quick\_start\_guide},
	annote = {Welcome to {Zotero!View} the Quick Start Guide to learn how to begin collecting, managing, citing, and sharing your research {sources.Thanks} for installing Zotero.}
},

@article{jackel_neural-net_????,
	title = {Neural-Net Applications in Character Recognition and Document Analysis},
	journal = {{AT\&T} Bell Laboratories},
	author = {Jackel, {LD}}
},

@article{ambers_hybrid_2011,
	title = {A hybrid pulse shape discrimination technique with enhanced performance at neutron energies below {500keV}},
	volume = {638},
	issn = {01689002},
	shorttitle = {A hybrid pulse shape discrimination technique with enhanced performance at neutron energies below {500keV}},
	doi = {10.1016/j.nima.2011.01.119},
	number = {1},
	journal = {Nuclear Instruments and Methods in Physics Research Section A: Accelerators, Spectrometers, Detectors and Associated Equipment},
	author = {Ambers, Scott D. and Flaska, Marek and Pozzi, Sara A.},
	year = {2011},
	pages = {116--121}
},

@article{zaitseva_plastic_2012,
	title = {Plastic scintillators with efficient neutron/gamma pulse shape discrimination},
	volume = {668},
	issn = {0168-9002},
	url = {http://www.sciencedirect.com/science/article/pii/S0168900211021395},
	doi = {10.1016/j.nima.2011.11.071},
	journal = {Nuclear Instruments and Methods in Physics Research Section A: Accelerators, Spectrometers, Detectors and Associated Equipment},
	author = {Zaitseva, Natalia and Rupert, Benjamin L. and PaweŁczak, Iwona and Glenn, Andrew and Martinez, H. Paul and Carman, Leslie and Faust, Michelle and Cherepy, Nerine and Payne, Stephen},
	month = mar,
	year = {2012},
	keywords = {{DPA}, Neutron detection, Organic scintillator, Plastic scintillator, {PPO}, Pulse shape discrimination},
	pages = {88--93}
},

@phdthesis{till_radiological_????,
	title = {Radiological Risk Assessment and Environmental Analysis},
	author = {Till, John and Grogan, Helen}
},

@article{kouzes_neutron_2010,
	title = {Neutron detection alternatives to {3He} for national security applications},
	volume = {623},
	issn = {0168-9002},
	url = {http://www.sciencedirect.com/science/article/pii/S016890021001795X},
	doi = {10.1016/j.nima.2010.08.021},
	number = {3},
	journal = {Nuclear Instruments and Methods in Physics Research Section A: Accelerators, Spectrometers, Detectors and Associated Equipment},
	author = {Kouzes, Richard T. and Ely, James H. and Erikson, Luke E. and Kernan, Warnick J. and Lintereur, Azaree T. and Siciliano, Edward R. and Stephens, Daniel L. and Stromswold, David C. and Van Ginhoven, Renee M. and Woodring, Mitchell L.},
	month = nov,
	year = {2010},
	keywords = {Helium-3, Homeland security, {MCNP}, National security, Neutron detection, Radiation detection},
	pages = {1035--1045}
},

@article{kouzes_neutron_1999,
	title = {Neutron Detector Gamma Insenstivity Criteria},
	journal = {{PNNL} 18903},
	author = {Kouzes, {RT} and Ely, {JH} and Lintereur, {AT} and Stephens, {DL}},
	year = {1999},
	file = {PNNL-18903.pdf:C:\Users\murffer\AppData\Roaming\Mozilla\Firefox\Profiles\307gfmuh.default\zotero\storage\7PGKCT5M\PNNL-18903.pdf:application/pdf}
},

@article{zuying_thermal_2002,
	title = {Thermal hydraulic transient analysis of the {HTR-10}},
	volume = {218},
	issn = {0029-5493},
	url = {http://www.sciencedirect.com/science/article/pii/S0029549302001991},
	doi = {10.1016/S0029-5493(02)00199-1},
	number = {1–3},
	journal = {Nuclear Engineering and Design},
	author = {Zuying, Gao and Lei, Shi},
	month = oct,
	year = {2002},
	pages = {65--80}
},

@article{inaba_study_2005,
	title = {Study on control characteristics for {HTTR} hydrogen production system with mock-up test facility: System controllability test for fluctuation of chemical reaction},
	volume = {235},
	issn = {0029-5493},
	url = {http://www.sciencedirect.com/science/article/pii/S0029549304002936},
	doi = {10.1016/j.nucengdes.2004.08.034},
	number = {1},
	journal = {Nuclear Engineering and Design},
	author = {Inaba, Yoshitomo and Ohashi, Hirofumi and Nishihara, Tetsuo and Sato, Hiroyuki and Inagaki, Yoshiyuki and Takeda, Tetsuaki and Hayashi, Koji and Takada, Shoji},
	month = jan,
	year = {2005},
	pages = {111--121}
},

@misc{cern_interactions_????,
	title = {Interactions of optical photons},
	url = {http://geant4.cern.ch/G4UsersDocuments/UsersGuides/PhysicsReferenceManual/html/node66.html},
	urldate = {2012-11-19},
	author = {{CERN}},
	howpublished = {{http://geant4.cern.ch/G4UsersDocuments/UsersGuides/PhysicsReferenceManual/html/node66.html}},
	file = {Interactions of optical photons:C:\Users\murffer\AppData\Roaming\Mozilla\Firefox\Profiles\307gfmuh.default\zotero\storage\HKTF6XW8\node66.html:text/html}
},

@article{fujiwara_hydrogen_2008,
	title = {Hydrogen production by high temperature electrolysis with nuclear reactor},
	volume = {50},
	issn = {0149-1970},
	url = {http://www.sciencedirect.com/science/article/pii/S0149197007001709},
	doi = {doi: 10.1016/j.pnucene.2007.11.025},
	number = {2–6},
	journal = {Progress in Nuclear Energy},
	author = {Fujiwara, Seiji and Kasai, Shigeo and Yamauchi, Hiroyuki and Yamada, Kazuya and Makino, Shinichi and Matsunaga, Kentaro and Yoshino, Masato and Kameda, Tsuneji and Ogawa, Takashi and Momma, Shigeki and Hoashi, Eiji},
	month = mar,
	year = {2008},
	keywords = {High temperature electrolysis, Hydrogen, hydrogen production, Nuclear hydrogen production, {SOEC}},
	pages = {422--426}
},

@misc{gerkey_player_2012,
	title = {Player Project},
	url = {http://playerstage.sourceforge.net/},
	urldate = {2012-11-15},
	journal = {Player Stage},
	author = {Gerkey, Brian},
	year = {2012},
	howpublished = {http://playerstage.sourceforge.net/},
	file = {Player Project:C:\Users\murffer\AppData\Roaming\Mozilla\Firefox\Profiles\307gfmuh.default\zotero\storage\IRMSBHRA\playerstage.sourceforge.net.html:text/html}
},

@article{kouzes_lithium_2010,
	title = {Lithium and Zinc Sulfide Coated Plastic Neutron Detector Test},
	journal = {{PNNL} 19566},
	author = {Kouzes, {RT} and Ely, {JH}},
	year = {2010}
},

@article{smith_spontaneous_1957,
	title = {Spontaneous Fission Neutron Spectrum of Cf252},
	volume = {108},
	issn = {0031-{899X} 1536-6065},
	shorttitle = {Spontaneous Fission Neutron Spectrum of Cf252},
	doi = {10.1103/PhysRev.108.411},
	number = {2},
	journal = {Physical Review},
	author = {Smith, A. and Fields, P. and Roberts, J.},
	year = {1957},
	pages = {411--413}
},

@misc{_bbc_????,
	title = {{BBC} News - Japan eases Fukushima exclusion zone},
	url = {http://www.bbc.co.uk/news/world-asia-17562418},
	urldate = {2012-04-23},
	howpublished = {http://www.bbc.co.uk/news/world-asia-17562418},
	file = {BBC News - Japan eases Fukushima exclusion zone:C:\Users\murffer\AppData\Roaming\Mozilla\Firefox\Profiles\307gfmuh.default\zotero\storage\V4N22VUA\world-asia-17562418.html:text/html}
},

@misc{_cs-137_????,
	title = {Cs-137 Data Sheet},
	url = {http://www.stanford.edu/dept/EHS/prod/researchlab/radlaser/RSDS_sheets/Cs-137.pdf},
	publisher = {Stanford University {ECH}}
},

@misc{eljen_ej_????,
	title = {{EJ} 254},
	shorttitle = {{EJ} 254},
	url = {http://www.eljentechnology.com/index.php?option=com_content&view=article&id=78%3Aej-254&catid=32&Itemid=73},
	author = {Eljen},
	note = {January 10},
	howpublished = {{http://www.eljentechnology.com/index.php?option=com\_content\&view=article\&id=78\%3Aej-254\&catid=32\&Itemid=73}}
},

@misc{_sciencedirect.com_2012,
	title = {{ScienceDirect.com} - Nuclear Instruments and Methods - Pulse shape discrimination},
	url = {http://www.sciencedirect.com/science/article/pii/0029554X64903337#},
	urldate = {2012-11-04},
	year = {2012},
	howpublished = {{http://www.sciencedirect.com/science/article/pii/0029554X64903337\#}},
	file = {ScienceDirect.com - Nuclear Instruments and Methods - Pulse shape discrimination:C:\Users\murffer\AppData\Roaming\Mozilla\Firefox\Profiles\307gfmuh.default\zotero\storage\UI2M334C\0029554X64903337.html:text/html}
},

@misc{nuclear_emergency_response_headwaurters_meti_basic_????,
	title = {The Basic Approach to Reassessing Evacuation Areas},
	url = {http://www.nisa.meti.go.jp/english/press/2011/08/en20110831-4-2.pdf},
	author = {Nuclear Emergency Response Headwaurters, {METI}},
	howpublished = {http://www.nisa.meti.go.jp/english/press/2011/08/en20110831-4-2.pdf}
},

@article{mabe_ps_????,
	title = {{PS} {PAPER}},
	author = {Mabe, A.}
},

@article{faghihi_neutrons_2006,
	title = {{NEUTRONS} {FLUX} {DISTRIBUTIONS} {OF} {THE} Pu-Be {SOURCE} {AND} {ITS} {SIMULATION} {BY} {THE} {MCNP-4B} {CODE}},
	volume = {15},
	issn = {0218-3013},
	url = {http://www.worldscientific.com/doi/abs/10.1142/S0218301306004545},
	doi = {10.1142/S0218301306004545},
	number = {03},
	journal = {Int. J. Mod. Phys. E},
	author = {{FAGHIHI}, F. and {MEHDIZADEH}, S. and {HADAD}, K.},
	month = apr,
	year = {2006},
	pages = {737--745},
	annote = {doi: {10.1142/S0218301306004545}}
},

@article{kouzes_3he_????,
	title = {{3He} Neutron Detector Pressure Effect and Comparison to Models},
	journal = {{PNNL} 19110},
	author = {Kouzes, {RT} and Ely, {JH} and Lintereur, {AT} and Siciliano, {ER} and Stromswold, {DC} and Woodring, {ML}}
},

@article{sabourin_original_1992,
	title = {Original Contribution: Optical character recognition by a neural network},
	volume = {5},
	number = {5},
	journal = {Neural Netw.},
	author = {Sabourin, Michael and Mitiche, Amar},
	year = {1992},
	pages = {843--852}
},

@article{william_iii_compendium_2006,
	title = {Compendium of Material Composition Data for Radiation Transport Modeling},
	journal = {{PNNL} 15870},
	author = {William {III}, {R.G.} and Gesh, {C.J} and Pagh, {R.T}},
	month = apr,
	year = {2006}
},

@article{miller_digital_2007,
	title = {Digital pulse shape discrimination},
	volume = {126},
	issn = {0144-8420, 1742-3406},
	url = {http://rpd.oxfordjournals.org/cgi/doi/10.1093/rpd/ncm052},
	doi = {10.1093/rpd/ncm052},
	number = {1-4},
	urldate = {2012-11-04},
	journal = {Radiation Protection Dosimetry},
	author = {Miller, L. F. and Preston, J. and Pozzi, S. and Flaska, M. and Neal, J.},
	month = may,
	year = {2007},
	pages = {253--255},
	file = {rpd.ncm052.full.pdf:C:\Users\murffer\AppData\Roaming\Mozilla\Firefox\Profiles\307gfmuh.default\zotero\storage\BDABSAEZ\rpd.ncm052.full.pdf:application/pdf}
},

@article{stelts_angular_1979,
	title = {Angular distributions of the {\textasciicircum}{6}Li(n,t){\textasciicircum}{4}He and {\textasciicircum}{10}B(n,α){\textasciicircum}{7}Li reactions at 2 and 24 {keV}},
	volume = {19},
	issn = {0556-2813},
	shorttitle = {Angular distributions of the {\textasciicircum}{6}Li(n,t){\textasciicircum}{4}He and {\textasciicircum}{10}B(n,α){\textasciicircum}{7}Li reactions at 2 and 24 {keV}},
	doi = {10.1103/PhysRevC.19.1159},
	number = {4},
	journal = {Physical Review C},
	author = {Stelts, M. and Chrien, R. and Goldhaber, M. and Kenny, M. and {McCullagh}, C.},
	year = {1979},
	pages = {1159--1167}
},

@article{poliscuk_adaptive_2002,
	title = {Adaptive Machine Reinforcement Learning},
	volume = {11},
	journal = {Schedae Informaticae},
	author = {Poliscuk, Jaroslav},
	year = {2002}
},

@misc{_biological_????,
	title = {Biological Half-life},
	url = {http://hyperphysics.phy-astr.gsu.edu/hbase/nuclear/biohalf.html},
	urldate = {2012-04-19},
	howpublished = {http://hyperphysics.phy-astr.gsu.edu/hbase/nuclear/biohalf.html},
	file = {Biological Half-life:C:\Users\murffer\AppData\Roaming\Mozilla\Firefox\Profiles\307gfmuh.default\zotero\storage\4DBUC7A5\biohalf.html:text/html}
},

@article{roush_pulse_1964,
	title = {Pulse shape discrimination},
	volume = {31},
	url = {http://www.sciencedirect.com/science/article/pii/0029554X64903337},
	number = {1},
	urldate = {2012-11-04},
	journal = {Nuclear Instruments and Methods},
	author = {Roush, M. L. and Wilson, M. A. and Hornyak, W. F.},
	year = {1964},
	pages = {112–124},
	file = {1-s2.0-0029554X64903337-main.pdf:C:\Users\murffer\AppData\Roaming\Mozilla\Firefox\Profiles\307gfmuh.default\zotero\storage\XFMB4BTB\1-s2.0-0029554X64903337-main.pdf:application/pdf}
},

@misc{_nrc:_????,
	title = {{NRC:} 10 {CFR} 50.47 Emergency plans.},
	url = {http://www.nrc.gov/reading-rm/doc-collections/cfr/part050/part050-0047.html},
	urldate = {2012-04-23},
	howpublished = {http://www.nrc.gov/reading-rm/doc-collections/cfr/part050/part050-0047.html},
	file = {NRC: 10 CFR 50.47 Emergency plans.:C:\Users\murffer\AppData\Roaming\Mozilla\Firefox\Profiles\307gfmuh.default\zotero\storage\FVUF8MG6\part050-0047.html:text/html}
},

@article{kouzes_alternative_2010,
	title = {Alternative Neutron Detection Summary},
	journal = {{PNNL} 19311},
	author = {Kouzes, {RT} and Ely, {JH} and Erikson, {LE} and Kernan, {WJ} and Lintereur, {AT} and Siciliano, {ER} and Stromswold, {DC} and Woodring, {ML}},
	month = apr,
	year = {2010}
},

@inproceedings{connors_zno_2011,
	title = {{ZnO} thermal neutron scintillators designed for high sensitivity and gamma-ray discrimination},
	isbn = {1082-3654},
	doi = {10.1109/NSSMIC.2011.6154103},
	booktitle = {Nuclear Science Symposium and Medical Imaging Conference {(NSS/MIC)}, 2011 {IEEE}},
	author = {Connors, {B.J.} and Summers, {C.J.} and Klein, B. and Burgett, {E.A.} and Hertel, {N.E.}},
	month = oct,
	year = {2011},
	keywords = {{3He} tubes, {6Li-doped} {ZnO} structure, critical material properties, gamma-ray detection, Neutron detection, neutron-to-gamma ray discrimination, scintillation counters, scintillator designs, scintillator neutron detector, structure parameters, thermal neutron detection, {ZnO} thermal neutron scintillators, {ZnO-6LiF-ZnO} structure},
	pages = {1--6}
},

@misc{saint_gobain_lithium_2008,
	title = {Lithium Glass Scintillators},
	url = {http://www.detectors.saint-gobain.com/Lithium-Glass-Scintillator.aspx},
	urldate = {2012-01-26},
	journal = {Glass Scintillator Data Sheet},
	author = {Saint Gobain},
	year = {2008},
	howpublished = {http://www.detectors.saint-{gobain.com/Lithium-Glass-Scintillator.aspx}},
	annote = {{GS20} Properties}
},

@article{charlton_benchmarking_1998,
	title = {Benchmarking of the Los Alamos neutron production rate code {SOURCES-3A}},
	volume = {140},
	issn = {0168-{583X}},
	url = {http://www.sciencedirect.com/science/article/pii/S0168583X98000123},
	doi = {10.1016/S0168-583X(98)00012-3},
	number = {1–2},
	journal = {Nuclear Instruments and Methods in Physics Research Section B: Beam Interactions with Materials and Atoms},
	author = {Charlton, {W.S} and Perry, {R.T} and Wilson, {W.B}},
	month = apr,
	year = {1998},
	keywords = {Actinide isotopes, Alpha reactions, Delayed neutrons, Neutron production, Spontaneous fission},
	pages = {1--8}
},

@misc{_planttalk_????,
	title = {Planttalk Colorado - Fertilizing fruit trees},
	url = {http://www.ext.colostate.edu/ptlk/1216.html},
	urldate = {2012-03-26},
	howpublished = {http://www.ext.colostate.edu/ptlk/1216.html},
	file = {Planttalk Colorado - Fertilizing fruit trees:C:\Users\murffer\AppData\Roaming\Mozilla\Firefox\Profiles\307gfmuh.default\zotero\storage\NIHWXUTI\1216.html:text/html}
},

@misc{berger_estar_2005,
	address = {Gaithersbrug, {MD}},
	title = {{ESTAR}, {PSTAR} and {ASTAR:} Computer Programs for Calculating Stopping-Power and Range Tables for Electrons, Protons, and Helium Ions},
	url = {http://www.nist.gov/pml/data/star/index.cfm},
	abstract = {The databases {ESTAR}, {PSTAR}, and {ASTAR} calculate stopping-power and range tables for electrons, protons, or helium ions, according to methods described in {ICRU} Reports 37 and 49. Stopping-power and range tables can be calculated for electrons in any user-specified material and for protons and helium ions in 74 materials.},
	publisher = {National Institue of Standards and Technology},
	author = {Berger, {MJ} and Coursey, {JS} and Zucker, {M.A.} and Chang, J.},
	year = {2005}
},

@article{kouzes_detecting_2005,
	title = {Detecting Illicit Nuclear Materials.},
	volume = {93},
	issn = {00030996},
	url = {http://search.ebscohost.com/login.aspx?direct=true&db=pwh&AN=17906429&site=pov-live},
	doi = {Article},
	number = {5},
	journal = {American Scientist},
	author = {Kouzes, Richard T.},
	month = sep,
	year = {2005},
	keywords = {{NUCLEAR} {terrorismDETECTORSRADIATIONGAMMA} rays, {UNITED} States},
	pages = {422},
	annote = {Accession Number: 17906429; Issue Information: ; Subject Term: {NUCLEAR} terrorism; Subject Term: {DETECTORS;} Subject Term: {RADIATION;} Subject Term: {GAMMA} rays; Subject Term: ; Geographic Subject: {UNITED} States; Geographic Subject: ; Number of Pages: 6p; ; Illustrations: 7 Color Photographs, 2 Graphs, 1 Map; ; Document Type: Article; }
},

@incollection{szepesvari_algorithms_2010,
	title = {Algorithms for Reinforcement Learning},
	number = {9},
	booktitle = {Synthesis Lectures on Artificial Intelligence  and Machine Learning},
	publisher = {Morgan \& Claypool Publishers},
	author = {Szepesvari, Csaba},
	month = jun,
	year = {2010}
},

@book{yan_nuclear_2011,
	series = {Green Chemistry and Chemical Engineering},
	title = {Nuclear Hydrogen Production},
	publisher = {{CRC} Press},
	author = {Yan, Xing and Hino, Ryutaro},
	year = {2011}
},

@incollection{coates_law_????,
	series = {The World of Mathematics},
	title = {The Law},
	volume = {4},
	booktitle = {Mathematics in Literature},
	author = {Coates, Robert}
},

@article{yang_synthesis_2011,
	title = {Synthesis and scintillation properties of {CsGd2Cl7:Ce3+} for gamma ray and neutron detection},
	volume = {656},
	issn = {01689002},
	shorttitle = {Synthesis and scintillation properties of {CsGd2Cl7:Ce3+} for gamma ray and neutron detection},
	doi = {10.1016/j.nima.2011.07.045},
	number = {1},
	journal = {Nuclear Instruments and Methods in Physics Research Section A: Accelerators, Spectrometers, Detectors and Associated Equipment},
	author = {Yang, Kan and Zhuravleva, Mariya and Urffer, Matthew and Miller, Laurence F. and Melcher, Charles L.},
	year = {2011},
	pages = {92--95}
},

@misc{_quasi-monte_????,
	title = {Quasi-Monte Carlo Simulation},
	url = {http://www.puc-rio.br/marco.ind/quasi_mc.html},
	urldate = {2012-02-13},
	howpublished = {http://www.puc-rio.br/marco.ind/quasi\_mc.html},
	file = {Quasi-Monte Carlo Simulation:C:\Users\murffer\AppData\Roaming\Mozilla\Firefox\Profiles\307gfmuh.default\zotero\storage\JCNRC3SZ\quasi_mc.html:text/html}
},

@misc{_law_????,
	title = {Law of large numbers - Wikipedia, the free encyclopedia},
	url = {http://en.wikipedia.org/wiki/Law_of_large_numbers},
	urldate = {2012-02-07},
	howpublished = {{http://en.wikipedia.org/wiki/Law\_of\_large\_numbers}},
	file = {Law of large numbers - Wikipedia, the free encyclopedia:C:\Users\murffer\AppData\Roaming\Mozilla\Firefox\Profiles\307gfmuh.default\zotero\storage\EKM2VQ6E\Law_of_large_numbers.html:text/html}
},

@misc{eljen_ej-426_2012,
	title = {{EJ-426}},
	url = {http://www.eljentechnology.com/index.php/joomla-overview/neutron-detectors/113-ej-426},
	urldate = {2012-11-28},
	journal = {{EJ-426} Data Sheet},
	author = {Eljen},
	month = jun,
	year = {2012},
	howpublished = {http://www.eljentechnology.com/index.php/joomla-overview/neutron-detectors/113-ej-426},
	file = {EJ-426:C:\Users\murffer\AppData\Roaming\Mozilla\Firefox\Profiles\307gfmuh.default\zotero\storage\VV7E27KB\113-ej-426.html:text/html}
},

@article{kouzes_bf3_2009,
	title = {{BF3} Neutron Detector Test},
	journal = {{PNNL} 19050},
	author = {Kouzes, {RT} and Ely, {JH} and Lintereur, {AT} and Siciliano, {ER} and Woodring, {ML}},
	year = {2009}
},

@article{carel_w.e_inorganic_????,
	title = {Inorganic scintillators for thermal neutron detection},
	volume = {38},
	issn = {1350-4487},
	shorttitle = {Inorganic scintillators for thermal neutron detection},
	url = {http://www.sciencedirect.com/science/article/pii/S1350448704000538},
	doi = {10.1016/j.radmeas.2004.02.004},
	number = {4-6},
	journal = {Radiation Measurements},
	author = {Carel {W.E}, van Eijk},
	keywords = {Inorganic scintillator Thermal-neutron detection},
	pages = {337--342}
},

@misc{geant4_collaboration_geant4_2011,
	title = {Geant4 User's Guide for Application Developers},
	url = {http://geant4.web.cern.ch/geant4/UserDocumentation/UsersGuides/ForApplicationDeveloper/html/index.html},
	urldate = {2012-03-18},
	author = {Geant4 Collaboration},
	month = dec,
	year = {2011},
	note = {Version geant4 9.5.0},
	howpublished = {{http://geant4.web.cern.ch/geant4/UserDocumentation/UsersGuides/ForApplicationDeveloper/html/index.html}},
	file = {Geant4 User's Guide for Application Developers:C:\Users\murffer\AppData\Roaming\Mozilla\Firefox\Profiles\307gfmuh.default\zotero\storage\R9FP93IW\index.html:text/html}
},

@book{tsoulfanidis_measurment_????,
	title = {Measurment and Detection of Radiation},
	publisher = {Taylor and Francis},
	author = {Tsoulfanidis, Nicholas}
},

@misc{_25-diphenyloxazole_????,
	title = {2,5-Diphenyloxazole {(PPO)}},
	shorttitle = {{MSDS} D210404},
	publisher = {Sigma Aldrich}
},

@incollection{grinstead_law_????,
	edition = {2},
	title = {Law of Large Numbers},
	url = {http://www.dartmouth.edu/~chance/teaching_aids/books_articles/probability_book/Chapter8.pdf},
	booktitle = {Introduction to Probability},
	publisher = {American Mathematical Society},
	author = {Grinstead, Charles and Snell, J. Laurie}
},

@misc{eljen_ej_????-1,
	title = {{EJ} - 426 Thermal Neutron Detector},
	shorttitle = {{EJ} - 426 Thermal Neutron Detector},
	url = {http://www.eljentechnology.com/index.php?option=com_content&view=article&id=113%3Aej-426&catid=18&Itemid=57},
	author = {Eljen},
	note = {December 13},
	howpublished = {{http://www.eljentechnology.com/index.php?option=com\_content\&view=article\&id=113\%3Aej-426\&catid=18\&Itemid=57}}
},

@article{pelowitz_mcnpx_????,
	title = {{MCNPX} User's Manual 2.6.0},
	volume = {{LA-CP-07-1473}},
	journal = {Los Alamos National Laboratory.},
	author = {Pelowitz, {D.B.}}
},

@article{fujiwara_hydrogen_2008-1,
	title = {Hydrogen production by high temperature electrolysis with nuclear reactor},
	volume = {50},
	issn = {0149-1970},
	url = {http://www.sciencedirect.com/science/article/pii/S0149197007001709},
	doi = {doi: 10.1016/j.pnucene.2007.11.025},
	number = {2–6},
	journal = {Progress in Nuclear Energy},
	author = {Fujiwara, Seiji and Kasai, Shigeo and Yamauchi, Hiroyuki and Yamada, Kazuya and Makino, Shinichi and Matsunaga, Kentaro and Yoshino, Masato and Kameda, Tsuneji and Ogawa, Takashi and Momma, Shigeki and Hoashi, Eiji},
	month = mar,
	year = {2008},
	keywords = {High temperature electrolysis, Hydrogen, hydrogen production, Nuclear hydrogen production, {SOEC}},
	pages = {422--426}
},

@article{padulles_integrated_2000,
	title = {An integrated {SOFC} plant dynamic model for power systems simulation},
	volume = {86},
	issn = {0378-7753},
	url = {http://www.sciencedirect.com/science/article/pii/S0378775399004309},
	doi = {10.1016/S0378-7753(99)00430-9},
	number = {1–2},
	journal = {Journal of Power Sources},
	author = {Padullés, J and Ault, {G.W} and {McDonald}, {J.R}},
	month = mar,
	year = {2000},
	keywords = {Dynamic modelling, Power Systems Simulation, Solid oxide fuel cells, Systems integration},
	pages = {495--500}
},

@article{_cross_????,
	title = {Cross Section Evaluation Working Group {(ENDF/B-VII)}},
	url = {http://www.nndc.bnl.gov/sigma/},
	journal = {National Nuclear Data Center}
},

@misc{_generic_2000,
	title = {Generic procedures for assessment and response during a radiological emergency},
	shorttitle = {{IAEA-TECDOC-1162}},
	publisher = {{IAEA}},
	month = aug,
	year = {2000}
},

@article{yim_life_2006,
	title = {Life cycle and management of carbon-14 from nuclear power generation},
	volume = {48},
	number = {1},
	journal = {Progress in Nuclear Energy},
	author = {Yim, {M.S.} and Caron, F.},
	year = {2006},
	pages = {2–36},
	file = {sdarticle.pdf:C:\Users\murffer\AppData\Roaming\Mozilla\Firefox\Profiles\307gfmuh.default\zotero\storage\GW5FCCHA\sdarticle.pdf:application/pdf}
},

@misc{_multi-agency_2000,
	title = {Multi-Agency Radiation Survey and Site Investigation Manual {(MARSSIM)}},
	url = {http://www.epa.gov/radiation/marssim/obtain.html},
	publisher = {{US} {EPA}},
	month = aug,
	year = {2000}
},

@misc{cpb_typical_2012,
	type = {Goverment},
	title = {On a Typical Day in Fiscl Year 2011 {CBP}},
	url = {http://www.cbp.gov/xp/cgov/about/},
	journal = {{CBP} About},
	author = {{CPB}},
	year = {2012},
	howpublished = {http://www.cbp.gov/xp/cgov/about/}
},

@article{dong_nodal_2010,
	title = {A nodal dynamic model for control system design and simulation of an {MHTGR} core},
	volume = {240},
	issn = {0029-5493},
	url = {http://www.sciencedirect.com/science/article/pii/S002954931000018X},
	doi = {10.1016/j.nucengdes.2009.12.032},
	number = {5},
	journal = {Nuclear Engineering and Design},
	author = {Dong, Zhe and Huang, Xiaojin and Zhang, Liangju},
	month = may,
	year = {2010},
	pages = {1251--1261}
},

@article{kamada_composition_2011,
	title = {Composition Engineering in Cerium-Doped {(Lu,Gd)3(Ga,Al)5O12Single-Crystal} Scintillators},
	volume = {11},
	issn = {1528-7483 1528-7505},
	shorttitle = {Composition Engineering in Cerium-Doped {(Lu,Gd)3(Ga,Al)5O12Single-Crystal} Scintillators},
	doi = {10.1021/cg200694a},
	number = {10},
	journal = {Crystal Growth \& Design},
	author = {Kamada, Kei and Endo, Takanori and Tsutumi, Kousuke and Yanagida, Takayuki and Fujimoto, Yutaka and Fukabori, Akihiro and Yoshikawa, Akira and Pejchal, Jan and Nikl, Martin},
	year = {2011},
	pages = {4484--4490}
},

@article{vega-carrillo_neutron_2002,
	title = {Neutron and gamma-ray spectra of {239PuBe} and {241AmBe}},
	volume = {57},
	issn = {0969-8043},
	url = {http://www.sciencedirect.com/science/article/pii/S0969804302000830},
	doi = {10.1016/S0969-8043(02)00083-0},
	number = {2},
	journal = {Applied Radiation and Isotopes},
	author = {Vega-Carrillo, Héctor René and Manzanares-Acuña, Eduardo and Becerra-Ferreiro, Ana Marı́a and Carrillo-Nuñez, Aureliano},
	month = aug,
	year = {2002},
	keywords = {Background, Gamma-ray spectra, Isotopic neutron sources, Neutron spectra},
	pages = {167--170}
},

@article{ross_adding_1999,
	title = {Adding Risks: Samuelson's Fallacy of Large Numbers Revisited},
	volume = {34},
	number = {3},
	journal = {Journal of Financial and Quantivative Analysis},
	author = {Ross, Samuel},
	month = sep,
	year = {1999},
	pages = {323}
},

@article{gao_thermal_2002-1,
	title = {Thermal hydraulic calculation of the {HTR-10} for the initial and equilibrium core},
	volume = {218},
	issn = {0029-5493},
	url = {http://www.sciencedirect.com/science/article/pii/S002954930200198X},
	doi = {10.1016/S0029-5493(02)00198-X},
	number = {1–3},
	journal = {Nuclear Engineering and Design},
	author = {Gao, Zuying and Shi, Lei},
	month = oct,
	year = {2002},
	pages = {51--64}
},

@article{marmier_nuclear_2008,
	title = {Nuclear powered heat pumps for near-term process heat applications},
	volume = {238},
	issn = {0029-5493},
	url = {http://www.sciencedirect.com/science/article/pii/S0029549308001076},
	doi = {doi: 10.1016/j.nucengdes.2008.02.014},
	number = {9},
	journal = {Nuclear Engineering and Design},
	author = {Marmier, A. and Fütterer, {M.A.}},
	month = sep,
	year = {2008},
	pages = {2272--2284}
},

@article{gamage_comparison_2011,
	title = {A comparison of four different digital algorithms for pulse-shape discrimination in fast scintillators},
	volume = {642},
	issn = {0168-9002},
	url = {http://www.sciencedirect.com/science/article/pii/S0168900211007078},
	doi = {10.1016/j.nima.2011.03.065},
	number = {1},
	journal = {Nuclear Instruments and Methods in Physics Research Section A: Accelerators, Spectrometers, Detectors and Associated Equipment},
	author = {Gamage, {K.A.A.} and Joyce, {M.J.} and Hawkes, {N.P.}},
	month = jun,
	year = {2011},
	keywords = {Bespoke fast digitiser, Digital pulse-shape discrimination, Liquid scintillator, Mixed radiation field, γ  ‐  neutron   ratio},
	pages = {78--83}
},

@article{swiderski_comparison_2010,
	title = {Comparison of Neutron Detection Efficiency of a He-3 Counter and a Boron-10 Loaded Liquid Scintillator},
	volume = {57},
	issn = {0018-9499, 1558-1578},
	url = {http://ieeexplore.ieee.org/lpdocs/epic03/wrapper.htm?arnumber=5603461},
	doi = {10.1109/TNS.2010.2064790},
	number = {5},
	urldate = {2012-02-02},
	journal = {{IEEE} Transactions on Nuclear Science},
	author = {Swiderski, Lukasz and Moszynski, Marek and Wolski, Dariusz and Iwanowska, Joanna and Szczesniak, Tomasz and Pausch, Guntram and Plettner, Cristina and Stein, Juergen and Schotanus, Paul and Hurlbut, Chuck and Szabelski, Jacek},
	month = oct,
	year = {2010},
	pages = {2857--2861}
},

@misc{_poultry_????,
	title = {Poultry Manure as a Fertilizer Soruce},
	shorttitle = {{SoilFacts}, {NCSU}},
	url = {http://www.soil.ncsu.edu/publications/Soilfacts/AG-439-05/#Nutrient_Composition_and_Sampling_Procedure},
	urldate = {2012-03-26},
	howpublished = {{http://www.soil.ncsu.edu/publications/Soilfacts/AG-439-05/\#Nutrient\_Composition\_and\_Sampling\_Procedure}},
	file = {index:C:\Users\murffer\AppData\Roaming\Mozilla\Firefox\Profiles\307gfmuh.default\zotero\storage\B7WS26HP\AG-439-05.html:text/html}
},

@misc{taylor_behind_????,
	title = {Behind Intel's New Random-Number Generator - {IEEE} Spectrum},
	url = {http://spectrum.ieee.org/computing/hardware/behind-intels-new-randomnumber-generator/0},
	urldate = {2012-02-13},
	author = {Taylor, Greg and Cox, George},
	howpublished = {http://spectrum.ieee.org/computing/hardware/behind-intels-new-randomnumber-generator/0},
	file = {Behind Intel's New Random-Number Generator - IEEE Spectrum:C:\Users\murffer\AppData\Roaming\Mozilla\Firefox\Profiles\307gfmuh.default\zotero\storage\FR2MGCAV\0.html:text/html}
},

@article{li_simplified_2008,
	title = {A simplified mathematical dynamic model of the {HTR-10} high temperature gas-cooled reactor with control system design purposes},
	volume = {35},
	issn = {0306-4549},
	url = {http://www.sciencedirect.com/science/article/pii/S0306454908000686},
	doi = {doi: 10.1016/j.anucene.2008.02.012},
	number = {9},
	journal = {Annals of Nuclear Energy},
	author = {Li, Haipeng and Huang, Xiaojin and Zhang, Liangju},
	month = sep,
	year = {2008},
	pages = {1642--1651}
},

@article{joe_constructing_2008,
	title = {Constructing Sobol Sequences with Better Two-Dimensional Projections},
	volume = {30},
	url = {http://dx.doi.org/10.1137/070709359},
	number = {5},
	journal = {{SIAM} Journal on Scientific Computing},
	author = {Joe, Stephen and Kuo, Frances Y.},
	month = jan,
	year = {2008},
	keywords = {digital nets and sequences, numerical integration, quasi-Monte Carlo methods, Sobol\$'\$ sequences, two-dimensional projections},
	pages = {2635--2654}
}
